<?xml version="1.0" encoding="UTF-8"?><record xmlns="http://www.loc.gov/MARC21/slim" xmlns:cinclude="http://apache.org/cocoon/include/1.0" xmlns:zs="http://www.loc.gov/zing/srw/">
  <leader>00756cz  a2200193n  4500</leader>
  <controlfield tag="001">n  82247949 </controlfield>
  <controlfield tag="003">DLC</controlfield>
  <controlfield tag="005">20081205075102.0</controlfield>
  <controlfield tag="008">840202n| acannaabn          |b aaa      </controlfield>
  <datafield tag="010" ind1=" " ind2=" ">
    <subfield code="a">n  82247949 </subfield>
  </datafield>
  <datafield tag="035" ind1=" " ind2=" ">
    <subfield code="a">(OCoLC)oca01062905</subfield>
  </datafield>
  <datafield tag="040" ind1=" " ind2=" ">
    <subfield code="a">DLC</subfield>
    <subfield code="b">eng</subfield>
    <subfield code="c">DLC</subfield>
    <subfield code="d">OCoLC</subfield>
  </datafield>
  <datafield tag="100" ind1="1" ind2=" ">
    <subfield code="a">ʻAbduh, Ibrāhīm</subfield>
  </datafield>
  <datafield tag="400" ind1="0" ind2=" ">
    <subfield code="a">Ibrāhīm ʻAbduh</subfield>
  </datafield>
  <datafield tag="400" ind1="1" ind2=" ">
    <subfield code="a">ابراهيم عبده</subfield>
  </datafield>
  <datafield tag="400" ind1="1" ind2=" ">
    <subfield code="a">عبده، إبراهيم</subfield>
  </datafield>
  <datafield tag="667" ind1=" " ind2=" ">
    <subfield code="a">Machine-derived non-Latin script reference project.</subfield>
  </datafield>
  <datafield tag="667" ind1=" " ind2=" ">
    <subfield code="a">Non-Latin script references not evaluated.</subfield>
  </datafield>
  <datafield tag="670" ind1=" " ind2=" ">
    <subfield code="a">His Taṭawwur al-ṣiḥāfah al-Miṣrīyah, 1798-1981, 1982:</subfield>
    <subfield code="b">t.p. (al-Duktūr Ibrāhīm ʻAbduh, ustādh al-fann al-ṣuḥufī wa-raʼīs Maʻhad al-Ṣiḥāfah, Jām. al-Qāhirah sābiqan)</subfield>
  </datafield>
</record>